<?xml version="1.0" encoding="UTF-8"?><collection xmlns="http://www.loc.gov/MARC21/slim"><record><leader>00485nam--2200133-i-4500</leader><controlfield tag="001">000007157</controlfield><controlfield tag="002">20161230</controlfield><controlfield tag="005">20161230201027</controlfield><controlfield tag="008">060222s1000------------r-----000-0-eng-d</controlfield><datafield ind1=" " ind2=" " tag="080"><subfield code="a">530.145:061.3:538</subfield></datafield><datafield ind1=" " ind2=" " tag="245"><subfield code="a">Advanced course on magnetic exchange inter- actions in transition metal compounds, orga- nized by netherlands-norwegian reactor school at inst.for atom., norway, 14th-18th sept1964</subfield></datafield><datafield ind1=" " ind2=" " tag="260"><subfield code="a">Kjeller, Institutt For Atomenergi, /1964/ 235 P</subfield></datafield><datafield ind1=" " ind2=" " tag="490"><subfield code="a">93</subfield></datafield><datafield ind1=" " ind2=" " tag="852"><subfield code="a">14172</subfield></datafield></record></collection>